
%AAAAAAAAAAAAAAAAAAAAAAAAAAAAAAAAAAAAAAAAAAAAAAAAAAAAAAAAAAAAAAAAAAAAAAAAAAAAAAAAAAAAAAAAAAAAA

@ARTICLE{AinsworthCoyle01,
    AUTHOR = {Ainsworth, M. and Coyle, J.},
    TITLE = {Hierarchic $hp$-edge Element Families for {M}axwell's Equations on Hybrid Quadrilateral/Triangular Meshes},
    JOURNAL = {Comput. Methods Appl. Mech. Engrg.},
    YEAR = {2001},
    VOLUME ={190},
    NUMBER = {},
    PAGES = {6709--6733},
    NOTE = {}
}

%BBBBBBBBBBBBBBBBBBBBBBBBBBBBBBBBBBBBBBBBBBBBBBBBBBBBBBBBBBBBBBBBBBBBBBBBBBBBBBBBBBBBBBBBBBBBB

@article{Bergot_Gary_Durufle_10,
  author = 	 {Bergot, M. and Cohen, G. and Durufl\'{e}, M.},
  title = 	 {Higher-order Finite Elements for Hybrid Meshes Using New Nodal Pyramidal Elements},
  journal = 	 {J. Sci. Comput.},
  year = 	 {2010},
  volume = 	 {42},
  pages = 	 {345--381},
}

@article{Bergot_Durufle_14,
  author = 	 {Bergot, M. and Durufl\'{e}, M.},
  title = 	 {Approximation of {$H(\mathrm{div})$} with High-Order Optimal Finite Elements for Pyramids, Prisms and Hexahedra},
  journal = 	 {Commun. Comput. Phys.},
  year = 	 {2013},
  volume = 	 {14},
  number = 	 {5},
  pages = 	 {1372--1414},
}

@article{Hiptmair99,
    author = {Gradinaru, V. and Hiptmair, R.},
    title = {Whitney Elements on Pyramids},
    journal = {Electron. Trans. Numer. Anal.},
    year = {1999},
    volume = {8},
    pages = {154--168}
}

@article{Beuchler_Schoeberl_06,
	year = {2006},
	issn = {0029-599X},
	journal = {Numer. Math.},
	volume = {103},
	number = {3},
	doi = {10.1007/s00211-006-0681-2},
	title = {New shape functions for triangular $p$-{FEM} using integrated {J}acobi polynomials},
	url = {http://dx.doi.org/10.1007/s00211-006-0681-2},
	publisher = {Springer-Verlag},
	author = {Beuchler, S. and Sch\"oberl, J.},
	pages = {339--366},
	language = {English}
}


@article{Beuchler_Pillwein_07,
	year = {2007},
	issn = {0010-485X},
	journal = {Computing},
	volume = {80},
	number = {4},
	doi = {10.1007/s00607-007-0236-0},
	title = {Sparse shape functions for tetrahedral $p$-{FEM} using integrated {J}acobi polynomials},
	url = {http://dx.doi.org/10.1007/s00607-007-0236-0},
	publisher = {Springer-Verlag},	
	author = {Beuchler, S. and Pillwein, V.},
	pages = {345--375},
	language = {English}
}


@article{Beuchler_Pillwein_Zaglmayr_12,
  author = 	 {Beuchler, S. and Pillwein, V. and Zaglmayr, S.},
  title = 	 {Sparsity optimized high order finite element functions for {$H(\mathrm{div})$} on simplices},
  journal = 	 {Numer. Math.},
  year = 	 {2012},
  volume = 	 {122},
  number = 	 {2},
  pages = 	 {197--225},
}


@incollection{Beuchler_Pillwein_Schoeberl_Zaglmayr_12,
	year = {2012},
	isbn = {978-3-7091-0793-5},
	booktitle = {Numerical and Symbolic Scientific Computing},
	series = {Texts \& Monographs in Symbolic Computation},
	editor = {Langer, U. and Paule, P.},
	doi = {10.1007/978-3-7091-0794-2_2},
	title = {Sparsity Optimized High Order Finite Element Functions on Simplices},
	url = {http://dx.doi.org/10.1007/978-3-7091-0794-2_2},
	publisher = {Springer},
	address = {Vienna},
	author = {Beuchler, S. and Pillwein, V. and Sch\"oberl, J. and Zaglmayr, S.},
	pages = {21--44},
	language = {English}
}


@article{Beuchler_Pillwein_Zaglmayr_13,
  author = 	 {Beuchler, S. and Pillwein, V. and Zaglmayr, S.},
  title = 	 {Sparsity optimized high order finite element functions for {$H(\mathrm{curl})$} on tetrahedra},
  journal = 	 {Adv. in Appl. Math.},
  year = 	 {2013},
  volume = 	 {50},
  number = 	 {5},
  pages = 	 {749--769},
}

%CCCCCCCCCCCCCCCCCCCCCCCCCCCCCCCCCCCCCCCCCCCCCCCCCCCCCCCCCCCCCCCCCCCCCCCCCCCCCCCCCCCCCCCCCCCCCCCCCCC

@BOOK{Ciarlet,
    AUTHOR = {Ciarlet, Ph. G.},
    TITLE = {The Finite Element Methods for Elliptic Problems},
    PUBLISHER = {North Holland},
    YEAR = {1994},
    ADDRESS = {New York},
    NOTE = {}
}



%DDDDDDDDDDDDDDDDDDDDDDDDDDDDDDDDDDDDDDDDDDDDDDDDDDDDDDDDDDDDDDDDDDDDDDDDDDDDDDDDDDDDDDDDDDDDD


@book{hpbook,
  author = 	 {Demkowicz, L.},
  title = 	 {Computing with $hp$ Finite Elements. I. One and Two Dimensional Elliptic and Maxwell Problems},
  publisher = 	 {Chapman \& Hall/CRC Press},
  address =    {New York},
  year = 	 {2006},
  month = 	 {October},
}

@book{hpbook2,
  author = 	 {Demkowicz, L. and Kurtz, J. and Pardo, D. and Paszy\'{n}ski, M. and Rachowicz, W. and Zdunek, A.},
  title = 	 {Computing with $hp$ Finite Elements. II. Frontiers: Three Dimensional Elliptic and Maxwell Problems with Applications},
  publisher = 	 {Chapman \& Hall/CRC},
  address =    {New York},
  year = 	 {2007},
  month = 	 {October},
}

@incollection{DemkowiczGopalakrishnan13_2,
  author = 	 {Demkowicz, L. and Gopalakrishnan, J.},
  booktitle = 	 {Recent Developments in Discontinuous Galerkin Finite Element Methods for Partial Differential Equations},
  editor =    {Feng, X. and Karakashian, O. and Xing, Y.},
  title = 	 {An Overview of the {DPG} Method},
  series = 	 {The {IMA} Volumes in Mathematics and its Applications},
  year = 	 {2014},
  publisher =   {Springer},
  address =    {},
  volume = 	 {157},
  pages = 	 {149--180},
  anote = 	 {see also ICES Report 2013/2},
}


%GGGGGGGGGGGGGGGGGGGGGGGGGGGGGGGGGGGGGGGGGGGGGGGGGGGGGGGGGGGGGGGGGGGGGGGGGGGGGGGGGGGGGGGGGGGGG


@article{GattoDemkowicz10,
  author = 	 {Gatto, P. and Demkowicz, L.},
  title = 	 {Construction of ${H}^1$-Conforming Hierarchical Shape Functions for Elements of All Shapes and Transfinite Interpolation},
  journal = 	 {Finite Elem. Anal. Des.},
  year = 	 {2010},
  volume = 	 {46},
  pages = 	 {474--486},
}




%NNNNNNNNNNNNNNNNNNNNNNNNNNNNNNNNNNNNNNNNNNNNNNNNNNNNNNNNNNNNNNNNNNNNNNNNNNNNNNNNNNNNNNNNNNNNN



@ARTICLE{Nedelec80,
    AUTHOR = {N\'ed\'elec, J. C.},
    TITLE = {Mixed Finite Elements in $\mathbb{R}^3$},
    JOURNAL = {Numer. Math.},
    YEAR = {1980},
    VOLUME ={35},
    NUMBER = {},
    PAGES = {315--341},
    NOTE = {}
}



@article{Nigam_Phillips_11,
	author = {Nigam, N. and Phillips, J.},
	title = {High-order Conforming Finite Elements on Pyramids},
	volume = {32},
	number = {2},
	pages = {448--483},
	year = {2012},
	doi = {10.1093/imanum/drr015},
	URL = {http://imajna.oxfordjournals.org/content/32/2/448.abstract [imajna.oxfordjournals.org]},
	eprint = {http://imajna.oxfordjournals.org/content/32/2/448.full.pdf+html [imajna.oxfordjournals.org]},
	journal = {IMA J. Numer. Anal.}
}



%SSSSSSSSSSSSSSSSSSSSSSSSSSSSSSSSSSSSSSSSSSSSSSSSSSSSSSSSSSSSSSSSSSSSSSSSSSSSSSSSSSSSSSSSSSSSS

@article{Schoeberl_Zaglmayr_05,
  author = 	 {Sch\"oberl, J. and Zaglmayr, S.},
  title = 	 {High order {N\'ed\'elec} Elements with Local Complete Sequence Property},
  journal = 	 {COMPEL},
  year = 	 {2005},
  volume = 	 {24},
  number = 	 {2},
  pages = 	 {374--384},
}

@BOOK{SzaboBabuska91,
    AUTHOR = {Szab\'{o}, B. A. and Babu\v{s}ka, I.},
    TITLE = {Finite Element Analysis},
    PUBLISHER = {Wiley},
    YEAR = {1991},
    ADDRESS = {New York},
}

@book{monkbook,
  author = 	 {Monk, P.},
  title = 	 {Finite Element Methods for Maxwell's Equations},
  publisher = 	 {Oxford University Press},
  series =    {Numerical Analysis and Scientific Computation Series},
  address =    {New York},
  year = 	 {2003},
}

@article{monk_demkowicz,
  author = 	 {Monk, P. and Demkowicz, L.},
  title = 	 {Discrete compactness and the approximation of {M}axwell's equations in $\mathbb{R}^3$},
  journal = 	 {Math. Comp.},
  year = 	 {2000},
  volume = 	 {70},
  number = 	 {234},
  pages = 	 {507--523},
}

@techreport{DemkowiczClosedRange,
	author = {Demkowicz, L.},
	title = {Various Variational Formulations and Closed Range Theorem},
	institution = {The University of Texas at Austin},
	year = {2015},
	type = {ICES Report},
	number = {15-03},
}

@misc{code,
	author = {Fuentes, F. and Keith, B. and Demkowicz, L.},
	title = {The {E}xact {S}equence for {E}lements of {A}ll {S}hapes ({ESEAS}) Library},
	year = {2015},
	url = {https://github.com/libESEAS/ESEAS},
}

%%%More citations after Joachim revision
@article{AinsworthBezier,
	year = {2011},
	journal = {SIAM J. Sci. Comput.},
	volume = {33},
	number = {6},
	title = {Bernstein-{B}\'ezier finite elements of arbitrary order and optimal assembly procedures},
	publisher = {Springer-Verlag},
	author = {Ainsworth, M. and Andriamaro, G. and Davydov, O.},
	pages = {3087--3109},
}

@book{karniadakisbook,
  title = {Spectral/$hp$ Element Methods for CFD},
  author = {Karniadakis, G. and Sherwin, S. J.},
  isbn = {9780195102260},
  lccn = {98011180},
  series = {Numerical Mathematics and Scientific Computation},
  year = {1999},
  publisher = {Oxford University Press},
  address = {New York},
}

@phdthesis{SabineThesis,
	year = {2006},
	title = {High Order Finite Element Methods for Electromagnetic Field Computation},
	author = {Zaglmayr, S.},
	school = {Johannes Kepler Universit\"at Linz},
	address = {Linz},
}
