
@article{henneking2021fiber,
	title = {Model and computational advancements to full vectorial {Maxwell} model for studying fiber amplifiers},
	author = {Henneking, Stefan and Grosek, Jacob and Demkowicz, Leszek},
	journal = {Comput. Math. Appl.},
	volume = {85},
	pages = {30--41},
	year = {2021},
	publisher = {Elsevier}}

@article{henneking2021pollution,
	Title = {A numerical study of the pollution error and {DPG} adaptivity for long waveguide simulations},
	Author = {Henneking, Stefan and Demkowicz, Leszek},
	Journal = {Comput. Math. Appl.},
	Publisher = {Elsevier},
	Volume = {95},
	Pages = {85--100},
	Year = {2021}}

@phdthesis{henneking2021phd,
	author = {Henneking, Stefan},
	school = {The University of Texas at Austin},
	title = {A scalable $hp$-adaptive finite element software with applications in fiber optics},
	year = {2021}}

@inproceedings{henneking2022parallel,
	author = {Henneking, Stefan and Grosek, Jacob and Demkowicz, Leszek},
	title = {Parallel Simulations of High-Power Optical Fiber Amplifiers},
	booktitle = {Spectral and High Order Methods for Partial Differential Equations ICOSAHOM 2020+1},
	year = {2022},
	publisher = {Springer},
	pages = {349--360}}

@article{badger2023scalable,
	title = {Scalable {DPG} Multigrid Solver for {Helmholtz} Problems: A Study on Convergence},
	author = {Badger, Jacob and Henneking, Stefan and Petrides, Socratis and Demkowicz, Leszek},
	journal = {Comput. Math. Appl.},
	volume = {148},
	pages = {81--92},
	year = {2023},
	publisher = {Elsevier}}

@article{chakraborty2023hp,
	author = {Chakraborty, Ankit and Henneking, Stefan and Demkowicz, Leszek},
	title = {An anisotropic $hp$-adaptation framework for ultraweak discontinuous {Petrov--Galerkin} formulations},
	journal = {arXiv preprint arXiv:2309.00726},
	year = {2023}}

@article{hpUserManual,
	Author = {Henneking, Stefan and Demkowicz, Leszek},
	Title = {{$hp$3D User Manual}},
	Year = {2022},
	Journal={arXiv preprint arXiv:2207.12211}}

@book{hpbook3,
	Author = {Henneking, Stefan and Demkowicz, Leszek and Petrides, Socratis and Badger, Jacob and Fuentes, Federico and Keith, Brendan and Gatto, Paolo},
	Publisher = {In preparation},
	Title = {{Computing with $hp$ Finite Elements. III. Parallel $hp$3D Code}},
	Year = {2023}}

@book{hpbook2,
	Author = {Demkowicz, Leszek and Kurtz, Jason and Pardo, David and Paszy\'{n}ski, Maciej and Rachowicz, Waldemar and Zdunek, Adam},
	Publisher = {Chapman \& Hall/CRC},
	Title = {{Computing with $hp$ Finite Elements. II. Frontiers: Three Dimensional Elliptic and Maxwell Problems with Applications}},
	Year = {2007}}

@book{hpbook,
	Author = {Demkowicz, Leszek},
	Publisher = {Chapman \& Hall/CRC Press, Taylor and Francis},
	Title = {{Computing with $hp$ Finite Elements. I. One and Two Dimensional Elliptic and Maxwell Problems}},
	Year = {2006}}

@article{petrides2021adaptive,
	title={An adaptive multigrid solver for {DPG} methods with applications in linear acoustics and electromagnetics},
	author={Petrides, Socratis and Demkowicz, Leszek},
	journal={Comput. Math. Appl.},
	volume={87},
	pages={12-26},
	year={2021}}

@article{amestoy2001mumps,
	Title = {A fully asynchronous multifrontal solver using distributed dynamic scheduling},
	Author = {Amestoy, P.R. and Duff, I.S. and L'Excellent, J.Y. and Koster, J.},
	Journal = {SIAM J. Matrix Anal. Appl.},
	Number = {1},
	Pages = {15--41},
	Publisher = {SIAM},
	Volume = {23},
	Year = {2001}}

@article{pt-scotch,
  title={{PT-Scotch}: a tool for efficient parallel graph ordering},
  author={Chevalier, C. and Pellegrini, F.},
  journal={Parallel Comput.},
  volume={34},
  number={6-8},
  pages={318--331},
  year={2008},
  publisher={Elsevier}}

@article{parmetis,
  title={A fast and high quality multilevel scheme for partitioning irregular graphs},
  author={Karypis, G. and Kumar, V.},
  journal={SIAM J. Sci. Comput.},
  volume={20},
  number={1},
  pages={359--392},
  year={1998},
  publisher={SIAM}}

@online{hdf5,
    author = {{The HDF Group}},
    year = {1997},
    title = {Hierarchical data format version 5},
    url = {http://www.hdfgroup.org/HDF5}}

@techreport{petsc-user-ref,
	Author = {S. Balay and S. Abhyankar and M. Adams and J. Brown and P. Brune and K. Buschelman and L. Dalcin and A. Dener and V. Eijkhout and W. Gropp and D. Karpeyev and D. Kaushik and M. Knepley and D. May and L. McInnes and R. Mills and T. Munson and K. Rupp and P. Sanan and B. Smith and S. Zampini and H. Zhang and H. Zhang},
	Institution = {Argonne National Laboratory},
	Number = {ANL-95/11 - Revision 3.13},
	Title = {{PETSc} users manual},
	Url = {https://www.mcs.anl.gov/petsc},
	Year = {2020}}

@misc{demkowicz2020fem,
	Author = {Demkowicz, Leszek},
	Title = {{Mathematical theory of finite elements. Lecture notes; The University of Texas at Austin}},
	Year = {2020}}

@incollection{demkowicz2008interp,
	Author = {Demkowicz, Leszek},
	Title = {Polynomial exact sequences and projection-based interpolation with application to {Maxwell} equations},
	Booktitle = {Mixed Finite Elements, Compatibility Conditions, and Applications},
	Pages = {101--158},
	Publisher = {Springer},
	Year = {2008}}

@article{demkowicz1989-hp1,
	Author = {Demkowicz, Leszek and Oden, J.T. and Rachowicz, W.},
	Journal = {Comput. Methods Appl. Mech. Engrg.},
	Pages = {79-112},
	Title = {Toward a universal $hp$ adaptive finite element strategy. {Part 1:} constrained approximation and data structure},
	Volume = {77},
	Year = {1989}}

@article{demkowicz1989-hp2,
	Author = {Oden, J.T. and Demkowicz, Leszek and Rachowicz, R. and Westermann, T.A.},
	Journal = {Comput. Methods Appl. Mech. Engrg.},
	Pages = {113-180},
	Title = {Toward a universal $hp$ adaptive finite element strategy. {Part 2:} a posteriori error estimation},
	Volume = {77},
	Year = {1989}}

@article{demkowicz1989-hp3,
	Author = {Rachowicz, W. and Oden, J.T. and Demkowicz, Leszek},
	Journal = {Comput. Methods Appl. Mech. Engrg.},
	Pages = {181-212},
	Title = {Toward a universal $hp$ adaptive finite element strategy. {Part 3:} design of $hp$ meshes},
	Volume = {77},
	Year = {1989}}

@article{demkowicz2017dpg,
	Author = {Demkowicz, Leszek and Gopalakrishnan, Jay},
	Title = {Discontinuous {Petrov--Galerkin} {(DPG)} meth\-od},
	Journal = {Encyclopedia of Computational Mechanics Second Edition},
	Pages = {1--15},
	Publisher = {John Wiley \& Sons},
	Year = {2017}}

@article{fuentes2017viscoelasticity,
	Author = {Fuentes, Federico and Demkowicz, Leszek and Wilder, A.},
	Journal = {Comput. Math. Appl.},
	Pages = {748--765},
	Publisher = {Elsevier},
	Title = {Using a {DPG} method to validate {DMA} experimental calibration of viscoelastic materials},
	Volume = {325},
	Year = {2017}}

@article{bangerth2007deal,
  title={deal.II--general-purpose object-oriented finite element library},
  author={Bangerth, Wolfgang and Hartmann, Ralf and Kanschat, Guido},
  journal={ACM Trans. Math. Softw.},
  volume={33},
  number={4},
  pages={24--es},
  year={2007},
  publisher={ACM New York, NY, USA}}

@article{anderson2021mfem,
  title={MFEM: A modular finite element methods library},
  author={Anderson, Robert and Andrej, Julian and Barker, Andrew and Bramwell, Jamie and Camier, Jean-Sylvain and Cerveny, Jakub and Dobrev, Veselin and Dudouit, Yohann and Fisher, Aaron and Kolev, Tzanio and others},
  journal={Comput. Math. Appl.},
  volume={81},
  pages={42--74},
  year={2021},
  publisher={Elsevier}}

@article{ZoltanOverviewArticle2002,
	Author = {K. Devine and E. Boman and R. Heaphy and B. Hendrickson and C. Vaughan},
	Journal = {Comput. Sci. Eng.},
	Number = {2},
	Pages = {90--97},
	Title = {Zoltan data management services for parallel dynamic applications},
	Volume = {4},
	Year = {2002}}

@inbook{ahrens2005paraview,
	title={Paraview: an end-user tool for large data visualization},
	author={Ahrens, J. and Geveci, B. and Law, C.},
	booktitle={The Visualization Handbook},
	year={2005},
	publisher={Elsevier}}

@article{fuentes2015shape,
	Author = {Fuentes, Federico and Keith, Brendan and Demkowicz, Leszek and Nagaraj, Sriram},
	Journal = {Comput. Math. Appl.},
	Number = {4},
	Pages = {353--458},
	Publisher = {Elsevier},
	Title = {Orientation embedded high order shape functions for the exact sequence elements of all shapes},
	Volume = {70},
	Year = {2015}}

@article{petrides2017adaptive,
	Author = {Petrides, Socratis and Demkowicz, Leszek},
	Journal = {Comput. Math. Appl.},
	Number = {8},
	Pages = {1999--2017},
	Publisher = {Elsevier},
	Title = {An adaptive {DPG} method for high frequency time-harmonic wave propagation problems},
	Volume = {74},
	Year = {2017}}

@phdthesis{petrides2019phd,
	Author = {Petrides, Socratis},
	School = {The University of Texas at Austin},
	Title = {Adaptive multilevel solvers for the discontinuous {Petrov--Galerkin} method with an emphasis on high-frequency wave propagation problems},
	Year = {2019}}

@phdthesis{kim2013phd,
	Author = {Kim, Kyungjoo},
	School = {The University of Texas at Austin},
	Title = {Finite element modeling of electromagnetic radiation and induced heat transfer in the human body},
	Year = {2013}}

@phdthesis{gatto2012phd,
	Author = {Gatto, Paolo},
	School = {The University of Texas at Austin},
	Title = {Modeling bone conduction of sound in the human head using hp-finite elements},
	Year = {2012}}

@article{fuentes2017coupled,
  title={Coupled variational formulations of linear elasticity and the DPG methodology},
  author={Fuentes, Federico and Keith, Brendan and Demkowicz, Leszek and Le Tallec, Patrick},
  journal={J. Comput. Phys.},
  volume={348},
  pages={715--731},
  year={2017},
  publisher={Elsevier}}

@article{nagaraj2018raman,
	Author = {Nagaraj, Sriram and Grosek, Jacob and Petrides, Socratis and Demkowicz, Leszek and Mora, Jaime David},
	Journal = {J. Comput. Phys.},
	Pages = {100002},
	Publisher = {Elsevier},
	Title = {A {3D} {DPG} {Maxwell} approach to nonlinear {Raman} gain in fiber laser amplifiers},
	Volume = {2},
	Year = {2019}}
